@incollection{akerlof1978market,
  title={The market for “lemons”: Quality uncertainty and the market mechanism},
  author={Akerlof, George A},
  booktitle={Uncertainty in economics},
  pages={235--251},
  year={1978},
  publisher={Elsevier}
}